<?xml version="1.0" encoding="UTF-8"?><collection xmlns="http://www.loc.gov/MARC21/slim"><record><leader>00574nam--2200169-i-4500</leader><controlfield tag="001">000039830</controlfield><controlfield tag="002">20161230</controlfield><controlfield tag="005">20161230201042</controlfield><controlfield tag="008">060222s1000------------r-----000-0-eng-d</controlfield><datafield ind1=" " ind2=" " tag="040"><subfield code="a">IFIN-HH</subfield></datafield><datafield ind1=" " ind2=" " tag="080"><subfield code="a">539.143.43:539.124.43</subfield></datafield><datafield ind1="1" ind2=" " tag="100"><subfield code="a">Ruby,Ronald Henry</subfield></datafield><datafield ind1="1" ind2="0" tag="245"><subfield code="a">Paramagnetic resonance below 10k: spin lattice relaxation of trivalent cerium and neodymium ions in lanthanum magnesium nitrate</subfield></datafield><datafield ind1=" " ind2=" " tag="260"><subfield code="a">An Arbor, Michigan</subfield><subfield code="b">University Microfilms, Inc</subfield><subfield code="c">1962</subfield></datafield><datafield ind1=" " ind2=" " tag="300"><subfield code="a">I+66 P. + 30 FIG. + 1 TABEL</subfield></datafield><datafield ind1=" " ind2=" " tag="852"><subfield code="a">32362</subfield><subfield code="c">539.143.43</subfield></datafield><datafield ind1=" " ind2=" " tag="CAT"><subfield code="a">Sys</subfield><subfield code="c">20120504</subfield><subfield code="h">102435</subfield></datafield></record></collection>